3108 4178
494 132 627 220 ⁹75.
1152 131 1282 206 IN
1348 128 1789 203 OMNEM
1848 126 2225 202 VITAM

545 228 706 299 Non
727 248 997 323 quercus
1029 227 1230 315 Iouis,
1250 243 1360 297 aut
1382 225 1592 307 abies,
1614 250 1748 299 non
1764 226 2033 299 fraxinus
2054 227 2315 317 ingens·

538 319 665 388 Hic
717 347 797 391 ue
817 345 951 394 aras
972 321 1257 408 statuam,
1270 325 1465 413 atque
1483 325 1610 391 aris
1631 321 1766 391 haec
1779 324 2063 390 carmina
2081 315 2388 410 leribamz

537 349 834 509 Dapffinis
856 419 1023 485 ruris
1044 417 1251 485 honos
1277 463 1297 496 ‚
1373 418 1578 483 ietate
1600 410 1676 481 ad
1701 412 1908 504 ‚fider-a
1926 414 2165 494 νεᾶιιες

534 505 606 573 O
622 506 834 576 bonus
858 558 879 590 ,
906 530 975 579 vt
997 502 1132 577 sem
1179 528 1274 588 er,
1293 436 1586 600 tfepulset
1604 502 2162 576 damnaiuuencis.

306 598 486 684 Mvpf.
535 596 878 670 Fortunate
902 622 1064 695 puer
1083 651 1104 685 ,
1156 620 1339 692 ongo
1357 595 1798 668 celebraberis
1820 620 1987 676 aeuo;

532 693 846 786 Dumque
864 690 1120 784 Lycisca
1136 689 1574 787 lupum,lupus
1597 709 1704 760 aut
1727 688 2005 761 terrebit
2022 690 2226 780 ouileg

531 784 713 852 Dum
732 788 951 877 thyma
973 795 1198 879 'carpet
1218 787 1388 877 apis,
1405 781 1568 853 lenti
1589 779 1745 850 dum
1763 785 2050 875 gramina
2069 790 2260 872 taur-ig

531 876 866 970 Daphnim
882 899 1028 946 rura
1044 926 1067 958 ,
1094 880 1311 945 fetent
1336 874 1665 970 Daphnim
1683 873 1870 969 super
1888 874 2121 943 aetheta
2146 877 2317 949 filuae.
2331 917 2355 946 .

288 968 487 1050 Tby's
535 970 631 1038 Ite
650 972 846 1076 igitur
867 968 1151 1063 pecudes
1174 1019 1194 1052 ‚
1236 963 1401 1041 serus
1425 973 1551 1036 iam
1567 962 1781 1062 vesper
1801 963 2107 1060 Olympo

533 1062 754 1141 Irruit,
782 1063 871 1129 ite
892 1061 1163 1130 domum
1183 1086 1205 1144 ς
1225 1081 1361 1128 cras
1388 1080 1763 1158 gramen,vt
1783 1059 1952 1139 ante,
1981 1062 2272 1142 metetis.

534 1154 701 1222 Non
724 1152 888 1245 obijt
911 1153 1225 1248 Daphnis,
1235 1169 1442 1227 terras
1462 1148 1765 1245 pertzius
1783 1150 2017 1222 abiuit.

532 1247 656 1317 Ille
678 1247 922 1340 pedum
946 1244 1203 1340 sceptris
1226 1246 1496 1315 mutauit
1515 1293 1534 1322 .
1567 1242 1823 1314 ncestare
1844 1240 2081 1332 fontes,

531 1335 761 1408 Pascua
781 1336 1083 1409 sideribus
1104 1386 1122 1414 ‚
1147 1333 1351 1410 roseis
1353 1340 1463 1408 ‘ue
1479 1333 1802 1406 cubilibus
1820 1335 2105 1409 vmbros·

533 1444 630 1511 lte
649 1452 761 1526 gre
771 1451 888 1525 ges
911 1481 932 1515 ,
957 1428 1229 1526 pedibus
1267 1454 1345 1502 ve
1404 1454 1478 1501 er
1493 1431 1738 1526 premit
1756 1426 1993 1499 aethera
2013 1428 2335 1526 Daphnis.'

525 1564 603 1654 S.
648 1556 1286 1696 Libertus'aquis
1314 1553 1889 1682 exti11&uS,-ac.
1926 1555 2243 1668 frustra⁸
2269 1546 2552 1664 triduo
2594 1563 2825 1710 quae.

528 1753 535 1756 ·
618 1694 807 1793 fitus
858 1698 907 1794 ὲ
948 1703 1026 1794 S.
1076 1698 1528 1798 Rumoldo
1565 1727 1856 1795 orante
1878 1706 1965 1794 in
1993 1706 2262 1797 vitam
2290 1737 2736 1810 revocatur.

524 1859 748 1932 ‘Nauta
770 1915 791 1948 ,
818 1863 990 1937 vadis
1009 1865 1296 1943 madidos
1316 1868 1723 1967 surgentibus
1744 1874 1929 1968 eripe
1947 1892 2209 1960 contosg

619 1954 913 2025 Flumine
931 1980 1054 2026 neu
1071 1958 1290 2030 frustra
1313 1968 1595 2061 mergite
1607 1962 1930 2049 membra,
1965 1971 2140 2045 Viri.

522 2045 801 2129 Alterno
817 2049 1018 2120 toties
1035 2048 1294 2149 refugus
1309 2056 1473 2151 Tyla
1489 2055 1690 2127 creuit
1708 2054 1793 2127 ab
1809 2059 1952 2129 aestu
1963 2110 1983 2144 ,

348 2140 463 2233 ’Ψ
615 2142 769 2211 Nec
787 2165 995 2214 vacuo
1040 2147 1241 2219 toties
1256 2146 1419 2223 viius
1439 2150 1503 2220 in
1526 2172 1717 2231 amne
1737 2171 1931 2245 puer.

303 2229 310 2235 ’
519 2231 984 2327 Nequidquam
1012 2243 1390 2338 tantumque
1409 2243 1578 2319 artis,
1601 2239 1898 2338 viditq‘ue
1919 2240 2161 2313 laboris

614 2325 905 2396 Perdere
927 2330 1055 2397 iam
1078 2353 1366 2429 propero
1389 2334 1615 2407 tertius
1632 2331 1882 2434 Hesper
1904 2360 2106 2433 equo·

515 2416 937 2513 Ferratalque
959 2444 1223 2525 manus,
1256 2425 1581 2536 agilesque
1605 2424 2145 2518 educiteremost

486 2544 504 2559 ·
605 2509 847 2580 Frustra
872 2514 1228 2599 Vrinato'rf.
1254 2525 1530 2614 gurgitis
1554 2522 1685 2589 ima
1704 2526 1899 2619 petis.
2229 2592 2236 2601 .

384 2648 391 2657 .
511 2601 612 2700 En
634 2601 1410 2717 prudeqsbmageffyphij
1436 2616 1646 2706 magis
1673 2634 1743 2684 te
1768 2664 1789 2696 ,
1814 2615 2061 2684 Glauce
2085 2663 2109 2696 ,
2127 2613 2418 2712 magister

596 2696 859 2771 Littora
885 2700 1098 2767 vrcino
1128 2722 1277 2774 rure
1303 2704 1675 2775 Rumoldus
1701 2706 1807 2775 adi
1829 2727 1878 2776 t.

507 2787 642 2857 Hic
664 2792 1189 2863 veniens‚oculos
1219 2792 1592 2890 dextrasque
1612 2793 1689 2864 ad
1706 2797 1907 2869 sidera
1928 2796 2169 2866 tendit:

542 2952 548 2961 ,
607 2881 868 2972 Qaerit
893 2880 983 2950 ibi
1010 2934 1030 2963 ‚
1051 2883 1176 2954 hoc
1210 2908 1483 2983 puerum
1501 2889 1792 2962 conscius
1817 2879 1945 2962 esse
1968 2889 2145 2957 loco.

506 2971 765 3041 Vncum
787 2974 960 3055 &eo
979 2971 1255 3049 bifidum
1277 3030 1296 3061 ,
1333 2979 1361 3073 (
1381 2980 1493 3052 ille
1525 2978 1654 3080 spei
1673 2979 1793 3054 fuit
1807 2981 2126 3077 anchora)
2157 3000 2458 3078 torquet,

468 3134 477 3142 ‚
604 3064 920 3161 Empyrei
946 3063 1222 3165 scrutans
1241 3098 1519 3169 querque
1543 3074 1860 3172 profunda
1883 3073 2045 3173 poli.
2177 3161 2181 3164 Α

433 3164 443 3175 ’
506 3154 769 3230 Scilicet
794 3158 885 3230 his
907 3157 1237 3235 Infansfue
1249 3182 1341 3232 rat
1365 3169 1751 3258 quaerendus
1772 3171 1835 3239 in
1877 3173 2038 3252 oris,

470 3286 479 3291 ·
520 3252 531 3259 '
598 3252 788 3319 Parte
814 3250 935 3322 fuit
955 3252 1166 3324 vedius
1200 3262 1338 3347 qub
1363 3257 1645 3332 meliore
1667 3254 1785 3334 sui.
1857 3271 1877 3281 ”
2078 3313 2082 3316 >

507 3344 733 3433 Qum
756 3344 1062 3413 mordace
1082 3396 1103 3427 ,
1124 3363 1361 3440 potens
1382 3347 1624 3420 Oratio
1647 3402 1666 3434 ‚
1686 3351 1885 3422 dente
1907 3372 2234 3451 repertam

601 3432 705 3499 Ad
730 3435 1176 3519 Diliaeflu&tis
1199 3439 1497 3507 Anchora
1517 3439 1680 3512 (acra
1701 3445 1895 3538 rapit.

512 3525 741 3619 Pergit
763 3537 822 3599 ἃ
863 3530 1224 3623 ingeminat
1247 3531 1437 3603 IESV
1459 3551 1563 3625 ter
1581 3537 1839 3611 nomina
1861 3534 2116 3617 Praesul:

605 3618 796 3720 Irrita
816 3642 969 3695 num
992 3624 1020 3691 1
1042 3623 1094 3690 E
1116 3623 1158 3696 S
1179 3627 1236 3705 V
1261 3623 1304 3700 S
1339 3646 1469 3699 tam
1491 3629 1602 3727 pia
1619 3644 1767 3704 vota
1782 3627 1971 3703 finat?

2483 3728 2555 3804 O
2579 3728 2805 3831 stupor
